@INPROCEEDINGS{aldoma,
author={A. Aldoma and M. Vincze and N. Blodow and D. Gossow and S. Gedikli and R. B. Rusu and G. Bradski},
booktitle={2011 IEEE International Conference on Computer Vision Workshops (ICCV Workshops)},
title={CAD-model recognition and 6DOF pose estimation using 3D cues},
year={2011},
volume={},
number={},
pages={585-592},
keywords={CAD;feature extraction;image representation;image scanners;object recognition;pose estimation;solid modelling;3D cues;3D feature;6DOF pose estimation;CAD-model recognition;Microsoft Kinect Sensor;clustered viewpoint feature histogram;high-precission scanners;object recognition;partial occlusion;viewpoint feature histogram;Indium phosphide},
doi={10.1109/ICCVW.2011.6130296},
ISSN={},
month={Nov},}

@INPROCEEDINGS{ramona,
  title={Modified Iterative Closest Point Algorithm Design for
Needle Pose and Position Estimation using Optical
Coherence Tomography Images},
  author={Ramona Schneider},
  year={2017},
  organization={TU Munich}
}

@INPROCEEDINGS{opencl,
    author = {Jonathan Tompson and Kristofer Schlachter},
    title = {Introduction to the OpenCL Programming Model},
    year = {2012}
}

@INPROCEEDINGS{amdopencl,
  author = {AMD},
  title = {AMD  Accelerated  Parallel  Processing OpenCL Programming Guide},
  howpublished = {\url{http://developer.amd.com/wordpress/media/2013/07/AMD_Accelerated_Parallel_Processing_OpenCL_Programming_Guide-rev-2.7.pdf}},
}

@INPROCEEDINGS{openclplatform,
  author = {Khronos Group},
  title = {OpenCL Memory Model},
  note = {\url{https://www.khronos.org/assets/uploads/developers/library/2012-pan-pacific-road-show-June/OpenCL-Details-Taiwan_June-2012.pdf}},
}

@INPROCEEDINGS{nvidiaopencl,
  author = {NVIDIA},
  title = {OpenCL Programming Guide for the CUDA Architecture},
  note = {\url{http://www.nvidia.com/content/cudazone/download/OpenCL/NVIDIA_OpenCL_ProgrammingGuide.pdf}},
}
@INPROCEEDINGS{wikipedia,
  title = {Graphics processing unit},
  note = {\url{https://en.wikipedia.org/wiki/Graphics_processing_unit}},
}
@INPROCEEDINGS{nvidiaopencl2,
  author = {NVIDIA},
  title = {OpenCL Programming Guide for the CUDA Architecture},
  note = {\url{http://www.nvidia.com/content/cudazone/download/OpenCL/NVIDIA_OpenCL_ProgrammingGuide.pdf}},
}